@article{review,
author = {Rubin, Jonathan and Watson, Ian},
year = {2011},
month = {04},
pages = {958-987},
title = {Computer poker: A review},
volume = {175},
journal = {Artificial Intelligence},
doi = {10.1016/j.artint.2010.12.005}
} 

@article{deepstack,
   title={DeepStack: Expert-level artificial intelligence in heads-up no-limit poker},
   volume={356},
   ISSN={1095-9203},
   url={http://dx.doi.org/10.1126/science.aam6960},
   DOI={10.1126/science.aam6960},
   number={6337},
   journal={Science},
   publisher={American Association for the Advancement of Science (AAAS)},
   author={Moravčík, Matej and Schmid, Martin and Burch, Neil and Lisý, Viliam and Morrill, Dustin and Bard, Nolan and Davis, Trevor and Waugh, Kevin and Johanson, Michael and Bowling, Michael},
   year={2017},
   month={Mar},
   pages={508–513}
} 

@inproceedings{Seaman2018ProbabilisticPF,
  title={Probabilistic Programming for Theory of Mind for Autonomous Decision Making},
  author={Iris Rubi Seaman},
  year={2018}
}